@inbook{pozar2011mixers,
	author    = {David M. Pozar},
	title     = {Microwave Engineering},
	chapter   = {13},
	pages     = {722--776}, % Puedes ajustar las páginas si las conoces con precisión
	edition   = {4th},
	year      = {2011},
	publisher = {Wiley},
	address   = {Hoboken, NJ},
	note      = {Chapter on Mixers}
}
@inbook{hess2004cap7,
	author    = {Christopher H. Hess},
	title     = {RF Circuit Design: Theory and Applications},
	chapter   = {7},
	year      = {2004},
	publisher = {Pearson},
	address   = {Upper Saddle River, NJ},
	note      = {Capítulo 7}
}
@book{pozar2011microwave,
	author    = {David M. Pozar},
	title     = {Microwave Engineering},
	edition   = {4},
	year      = {2011},
	publisher = {Wiley},
	address   = {Hoboken, NJ}
}
@book{horowitz2015art,
	author    = {Paul Horowitz and Winfield Hill},
	title     = {The Art of Electronics},
	edition   = {3},
	year      = {2015},
	publisher = {Cambridge University Press},
	address   = {Cambridge, UK}
}
@book{maas2003nonlinear,
	author    = {Stephen A. Maas},
	title     = {Nonlinear Microwave and RF Circuits},
	edition   = {2},
	year      = {2003},
	publisher = {Artech House},
	address   = {Norwood, MA}
}
@book{stremler2006,
	title = {Introducción a los Sistemas de Comunicación},
	author = {F. G. Stremler},
	year = {2006},
	edition = {Especial},
	publisher = {},
	note = {Edición Especial 2006}
}