@book{horenstein2000circuitos,
  title        = {Circuitos y Dispositivos Microelectrónicos},
  author       = {Mark N. Horenstein},
  translator   = {Gabriel Sánchez García},
  editor       = {Agustín Suárez Fernández},
  year         = {2000},
  edition      = {Segunda},
  publisher    = {Prentice-Hall Hispanoamericana, S.A.},
  address      = {México},
  note         = {Traducción del inglés, Boston University}
}
