@book{krauss_estado_solido,
	author    = {Krauss, Herbert L. and Bostian, Charles W. and Raab, Frederick H.},
	title     = {Estado sólido en ingeniería de radiocomunicación},
	publisher = {Limusa / Grupo Noriega Editores},
	year      = {1994},
	address   = {México, España, Venezuela, Argentina, Colombia, Puerto Rico},
	note      = {Departamento de Ingeniería Eléctrica del Instituto Politécnico de Virginia y de la Universidad Estatal de Blacksburg, Virginia},
	isbn      = {968-18-0772-3}
}